
@misc{Authors13,
 author = {Authors},
 title = {The frobnicatable foo filter},
 note = {Face and Gesture  submission ID 324. Supplied as additional material {\tt fg324.pdf}},
 year = 2013
}


@inproceedings{ObjectDetection,
  title={An empirical study of context in object detection},
  author={Divvala, Santosh Kumar and Hoiem, Derek and Hays, James H and Efros, Alexei A and Hebert, Martial},
  booktitle={Computer Vision and Pattern Recognition, 2009. CVPR 2009. IEEE Conference on},
  pages={1271--1278},
  year={2009},
  organization={IEEE}
}

@article{FaceDetection,
  title={Robust real-time face detection},
  author={Viola, Paul and Jones, Michael J},
  journal={International journal of computer vision},
  volume={57},
  number={2},
  pages={137--154},
  year={2004},
  publisher={Springer}
}

@misc{CardStick,
  title = {CardStick},
  howpublished = {\url{http://www.thecardstick.com/}},
  note = {Accessed: 2013-11-14}
}

@misc{RulerPhone,
  title = {RulerPhone},
  howpublished = {\url{https://itunes.apple.com/us/app/rulerphone-photo-measuring/id288774794}},
  note = {Accessed: 2013-11-14}
}

@misc{PhotoRuler,
  title = {PhotoRuler},
  howpublished = {\url{https://play.google.com/store/apps/details?id=com.grymala.photoruler&hl=en}},
  note = {Accessed: 2013-11-14}
}

@misc{SmartRuler,
  title = {Magtek Credit Card Standards},
  howpublished = {\url{https://play.google.com/store/apps/details?id=kr.sira.ruler&hl=en}},
  note = {Accessed: 2013-11-14}
}

@inproceedings{chamfer,
  title={Real-time object detection for “smart” vehicles},
  author={Gavrila, Dariu M and Philomin, Vasanth},
  booktitle={Computer Vision, 1999. The Proceedings of the Seventh IEEE International Conference on},
  volume={1},
  pages={87--93},
  year={1999},
  organization={IEEE}
}

@article{ransac,
  title={Random sample consensus: a paradigm for model fitting with applications to image analysis and automated cartography},
  author={Fischler, Martin A and Bolles, Robert C},
  journal={Communications of the ACM},
  volume={24},
  number={6},
  pages={381--395},
  year={1981},
  publisher={ACM}
}

@inproceedings{sift,
  title={Object recognition from local scale-invariant features},
  author={Lowe, David G},
  booktitle={Computer vision, 1999. The proceedings of the seventh IEEE international conference on},
  volume={2},
  pages={1150--1157},
  year={1999},
  organization={Ieee}
}

@article{surf,
  title={Speeded-up robust features (SURF)},
  author={Bay, Herbert and Ess, Andreas and Tuytelaars, Tinne and Van Gool, Luc},
  journal={Computer vision and image understanding},
  volume={110},
  number={3},
  pages={346--359},
  year={2008},
  publisher={Elsevier}
}

@article{canny,
  title={A computational approach to edge detection},
  author={Canny, John},
  journal={Pattern Analysis and Machine Intelligence, IEEE Transactions on},
  number={6},
  pages={679--698},
  year={1986},
  publisher={IEEE}
}

@misc{creditcard,
  title = {Magtek Credit Card Standards},
  howpublished = {\url{http://www.magtek.com/documentation/public/99800004-1.08.pdf}},
  note = {Accessed: 2013-11-14}
}

@inproceedings{SketchTokens,
  title={Sketch Tokens: A Learned Mid-level Representation for Contour and Object Detection},
  author={Lim, Joseph J and Zitnick, C Lawrence and Doll{\'a}r, Piotr},
  year={2013},
  organization={CVPR}
}
